@inproceedings{bonomi2012fog,
  title={Fog computing and its role in the internet of things},
  author={Bonomi, Flavio and Milito, Rodolfo and Zhu, Jiang and Addepalli, Sateesh},
  booktitle={Proceedings of the first edition of the MCC workshop on Mobile cloud computing},
  pages={13--16},
  year={2012},
  organization={ACM}
},
@inproceedings{stojmenovic2014fog,
  title={The fog computing paradigm: Scenarios and security issues},
  author={Stojmenovic, Ivan and Wen, Sheng},
  booktitle={Computer Science and Information Systems (FedCSIS), 2014 Federated Conference on},
  pages={1--8},
  year={2014},
  organization={IEEE}
}